<record><leader>00000cas a2200000 a 4500</leader><controlfield tag="001">8801084</controlfield><controlfield tag="008">820923d18531875caudn ne      0    0eng  </controlfield><datafield ind1=" " ind2=" " tag="010"><subfield code="a">sn 82014928 </subfield></datafield><datafield ind1=" " ind2=" " tag="040"><subfield code="a">DLC</subfield><subfield code="b">eng</subfield><subfield code="c">DLC</subfield><subfield code="d">NPU</subfield><subfield code="d">DLC</subfield><subfield code="d">NPV</subfield><subfield code="d">DLC</subfield><subfield code="d">NPX</subfield><subfield code="d">NPA</subfield><subfield code="d">NNX</subfield><subfield code="d">PPM</subfield><subfield code="d">DLC</subfield><subfield code="d">NJW</subfield><subfield code="d">YOX</subfield><subfield code="d">MGN</subfield><subfield code="d">CNK</subfield><subfield code="d">NVK</subfield><subfield code="d">HUL</subfield><subfield code="d">CRL</subfield><subfield code="d">OCL</subfield><subfield code="d">NVF</subfield><subfield code="d">DLC</subfield><subfield code="d">CUS</subfield><subfield code="d">AQM</subfield><subfield code="d">DLC</subfield><subfield code="d">OCLCQ</subfield><subfield code="d">OCLCF</subfield><subfield code="d">CNK</subfield><subfield code="d">CUS</subfield></datafield><datafield ind1=" " ind2=" " tag="019"><subfield code="a">210761616</subfield></datafield><datafield ind1=" " ind2=" " tag="042"><subfield code="a">pcc</subfield></datafield><datafield ind1=" " ind2=" " tag="043"><subfield code="a">n-us-ca</subfield></datafield><datafield ind1="0" ind2="0" tag="050"><subfield code="a">Newspaper</subfield></datafield><datafield ind1="0" ind2="0" tag="245"><subfield code="a">Sacramento daily union.</subfield></datafield><datafield ind1=" " ind2=" " tag="260"><subfield code="a">Sacramento [Calif.] :</subfield><subfield code="b">E.G. Jefferis &amp; Co.,</subfield><subfield code="c">1853-1875.</subfield></datafield><datafield ind1=" " ind2=" " tag="300"><subfield code="a">volumes</subfield></datafield><datafield ind1=" " ind2=" " tag="310"><subfield code="a">Daily (except Sunday)</subfield></datafield><datafield ind1=" " ind2=" " tag="336"><subfield code="a">text</subfield><subfield code="b">txt</subfield><subfield code="2">rdacontent</subfield></datafield><datafield ind1=" " ind2=" " tag="337"><subfield code="a">unmediated</subfield><subfield code="b">n</subfield><subfield code="2">rdamedia</subfield></datafield><datafield ind1=" " ind2=" " tag="338"><subfield code="a">volume</subfield><subfield code="b">nc</subfield><subfield code="2">rdacarrier</subfield></datafield><datafield ind1="0" ind2=" " tag="362"><subfield code="a">Vol. 5, no. 643 (Apr. 15, 1853)-v. 48, no. 7451 (Feb. 20, 1875).</subfield></datafield><datafield ind1=" " ind2=" " tag="530"><subfield code="a">Also issued online.</subfield></datafield><datafield ind1=" " ind2=" " tag="580"><subfield code="a">Triweekly ed.: Pictorial union, 1853-&lt;1856&gt;.</subfield></datafield><datafield ind1=" " ind2=" " tag="580"><subfield code="a">Steamer eds.: Sacramento steamer union (Sacramento, Calif.), 1853, and: Steamer union, 1853-&lt;1855&gt;, and: Sacramento steamer union (Sacramento, Calif. : 1855), &lt;1855-1859&gt;.</subfield></datafield><datafield ind1=" " ind2=" " tag="530"><subfield code="a">Master negatives are available for duplication from:</subfield><subfield code="b">California Newspaper Microfilm Archive;</subfield><subfield code="c">for further information consult the CNMA at:</subfield><subfield code="u">http://cbsr.ucr.edu.</subfield></datafield><datafield ind1=" " ind2="0" tag="651"><subfield code="a">Sacramento (Calif.)</subfield><subfield code="v">Newspapers.</subfield></datafield><datafield ind1=" " ind2="0" tag="651"><subfield code="a">Sacramento County (Calif.)</subfield><subfield code="v">Newspapers.</subfield></datafield><datafield ind1=" " ind2="7" tag="651"><subfield code="a">California</subfield><subfield code="z">Sacramento.</subfield><subfield code="2">fast</subfield><subfield code="0">(OCoLC)fst01205542</subfield></datafield><datafield ind1=" " ind2="7" tag="651"><subfield code="a">California</subfield><subfield code="z">Sacramento County.</subfield><subfield code="2">fast</subfield><subfield code="0">(OCoLC)fst01214200</subfield></datafield><datafield ind1=" " ind2="7" tag="655"><subfield code="a">Newspapers.</subfield><subfield code="2">rbgenr</subfield></datafield><datafield ind1=" " ind2="7" tag="655"><subfield code="a">Newspapers.</subfield><subfield code="2">fast</subfield><subfield code="0">(OCoLC)fst01423814</subfield></datafield><datafield ind1=" " ind2=" " tag="752"><subfield code="a">United States</subfield><subfield code="b">California</subfield><subfield code="c">Sacramento</subfield><subfield code="d">Sacramento.</subfield></datafield><datafield ind1="0" ind2=" " tag="775"><subfield code="t">Sacramento weekly union</subfield><subfield code="w">(DLC)sn 82006530</subfield><subfield code="w">(OCoLC)8769963</subfield></datafield><datafield ind1="1" ind2=" " tag="775"><subfield code="t">Sacramento steamer union (Sacramento, Calif.)</subfield><subfield code="w">(DLC)sn 82014829</subfield><subfield code="w">(OCoLC)8804927</subfield></datafield><datafield ind1="1" ind2=" " tag="775"><subfield code="t">Steamer union</subfield><subfield code="w">(DLC)sn 84025970</subfield><subfield code="w">(OCoLC)10846607</subfield></datafield><datafield ind1="1" ind2=" " tag="775"><subfield code="t">Sacramento steamer union (Sacramento, Calif. : 1855)</subfield><subfield code="w">(DLC)sn 85025045</subfield><subfield code="w">(OCoLC)11562693</subfield></datafield><datafield ind1="1" ind2=" " tag="775"><subfield code="t">Pictorial union</subfield><subfield code="w">(DLC)sn 82014553</subfield><subfield code="w">(OCoLC)8791533</subfield></datafield><datafield ind1="0" ind2="0" tag="780"><subfield code="t">Daily union (Sacramento, Calif.)</subfield><subfield code="w">(DLC)sn 82014825</subfield><subfield code="w">(OCoLC)8804832</subfield></datafield><datafield ind1="0" ind2="7" tag="785"><subfield code="t">Sacramento daily record</subfield><subfield code="w">(DLC)sn 82006525</subfield><subfield code="w">(OCoLC)8770048</subfield></datafield><datafield ind1="0" ind2="7" tag="785"><subfield code="t">Sacramento daily record-union</subfield><subfield code="x">2151-3899</subfield><subfield code="w">(DLC)sn 82014381</subfield><subfield code="w">(OCoLC)8800957</subfield></datafield><datafield ind1="4" ind2="1" tag="856"><subfield code="3">1853-1875.</subfield><subfield code="z">Search for articles</subfield><subfield code="u">http://bibpurl.oclc.org/web/31161</subfield><subfield code="u">http://cdnc.ucr.edu/newsucr</subfield></datafield><datafield ind1="4" ind2="1" tag="856"><subfield code="3">1853-1875.</subfield><subfield code="z">Browse available issues</subfield><subfield code="u">http://bibpurl.oclc.org/web/38642</subfield><subfield code="u">http://cdnc.ucr.edu/newsucr/cgi-bin/newsucr?a=d&amp;cl=CL1.SDU&amp;e=-------en-logical-20--1-----all</subfield></datafield><datafield ind1="1" ind2=" " tag="029"><subfield code="a">AU@</subfield><subfield code="b">000020225256</subfield></datafield></record>